1987 3032
726 224 931 257 EXPOSITIO
954 225 993 256 IN
1015 225 1099 256 CAP.
1122 226 1200 257 Xlll.

165 294 228 321 erat
250 293 362 329 ubique
387 293 503 327 fervens
509 303 517 328 3
546 293 617 329 quia
641 295 739 320 tamen
767 293 933 327 increpatus

163 339 249 367 suita
263 339 399 374 Domino,
416 347 477 367 non
490 339 544 367 fuit
564 347 652 367 ausus
669 339 849 374 interrogare
856 347 864 372 ;
880 337 933 365 sed

164 386 259 413 innuit
269 386 384 419 Joanni,
398 387 430 413 ut
442 387 593 421 quaereret.
610 396 623 411 »
641 387 672 413 Et
690 385 758 413 ideo
769 385 804 420 (a)
823 384 931 411 descri-

163 431 243 459 bitur
268 432 347 459 beati
379 431 498 459 Joanm‘s
528 431 693 460 honorifica
724 431 905 459 familiaritas
922 450 931 464 ,

165 477 247 512 quod
259 479 321 505 erat
333 478 522 513 recumbens,
543 480 596 506 etc.
614 478 671 505 Sed
691 477 841 513 qmeritur,
856 484 931 511 qua-

163 523 229 550 liter
247 523 305 550 hoc
319 523 379 551 ait?
399 524 519 552 Videtur
541 524 722 559 evangelista
741 523 778 550 de
798 531 828 550 se
848 522 932 558 loqui

160 569 312 604 jactanter.
337 571 408 598 ltem
428 571 528 605 objicit
551 571 791 606 chrysostomuS,
812 569 865 596 ubi
883 577 931 595 su-

161 623 216 651 pra
232 624 239 642 :
258 625 271 641 «
281 616 353 643 Cum
369 624 472 644 omnes
487 617 647 653 discipulos
661 616 796 650 diligeret
808 617 888 642 Jesus
902 618 910 631 ¹
923 624 930 642 z

164 662 228 689 Cum
243 662 382 690 dilexisset
396 671 473 697 suos,
497 665 526 690 in
546 666 624 698 finem
640 663 739 690 dileaeit
758 670 799 689 eos
815 671 821 689 ε
839 662 933 697 quali-

162 710 205 736 ter
219 709 259 736 ait
279 710 422 743 loannes,
441 709 478 737 de
499 717 544 744 se,
564 709 647 744 quod
669 709 766 744 ipsum
791 709 934 743 diligebat

161 756 243 782 Jesus
254 756 268 782 ἵ
288 765 302 780 »
331 757 371 783 Ita
405 756 507 791 quaerit
534 757 773 792 ChrysostomuS,
808 756 933 791 qualiter

161 803 287 829 loannes
306 801 456 837 recubuit,
472 803 512 830 sic
532 803 670 830 omnibus
687 803 868 835 timentibus,
884 810 932 829 ve-

163 848 205 875 lut
218 848 376 884 voluptaris
391 849 421 876 in
440 849 505 876 sinu
520 851 604 876 lesu?
628 851 660 876 Et
680 849 719 877 ad
738 849 868 884 primum
882 857 932 876 re-

161 894 288 930 spondet
306 895 482 930 Augustinus
496 896 516 927 ⁶³,
541 895 624 931 quod
657 904 670 920 «
684 895 866 923 consuetudo
891 897 932 922 est

163 949 284 975 eorum,
313 942 364 977 qui
389 949 486 969 sacras
510 942 597 969 nobis
620 942 727 969 litteras
748 942 930 977 ministrant,

164 988 201 1016 de
215 996 245 1015 se
255 988 339 1023 loqui
353 988 427 1015 sicut
441 988 478 1015 de
490 988 553 1015 aliis
568 989 603 1024 (b)
616 989 645 1015 in
655 989 754 1016 divina
764 989 902 1016 historia:
915 999 928 1015 n

164 1035 237 1062 sicut
251 1036 377 1062 ,Ioannes
394 1034 458 1069 hic3
476 1037 502 1062 et
518 1035 680 1068 Matthaeus,
699 1035 820 1070 quando
841 1035 880 1062 ait
895 1037 906 1052 ³
923 1045 928 1063 :

167 1081 270 1108 «Vidit
291 1081 443 1108 hominem
470 1081 621 1108 sedentem
647 1082 678 1108 in
705 1082 832 1115 telonio,
862 1084 930 1109 Mat-

162 1127 269 1154 thaeum
279 1127 416 1159 nomine;
426 1137 438 1152 n
453 1129 480 1154 et
491 1127 607 1161 Paulus,
623 1127 744 1163 quando
758 1128 813 1154 ait³¹
826 1137 851 1155 :«
866 1128 929 1156 Scio

161 1173 313 1200 homiuem
333 1175 450 1208 raptum
469 1181 562 1208 usque
584 1173 623 1200 ad
642 1173 759 1201 tertium
781 1174 897 1201 coelum.
915 1184 928 1200 n

161 1219 296 1247 Similiter
324 1219 403 1246 idem
436 1219 475 1247 ait
499 1220 662 1254 Gregorius
701 1220 743 1247 Ad
773 1220 854 1247 aliud
886 1229 930 1248 re-

161 1266 287 1301 spondet
299 1266 523 1301 Chrysostomus
532 1266 552 1300 ὅ,
567 1267 650 1302 quod
668 1266 756 1301 «plus
768 1267 832 1294 aliis
846 1269 931 1294 Joan-

133 1315 148 1319 ⁴
160 1320 212 1339 nes
227 1312 414 1347 diligebatur.
430 1323 442 1338 >³
461 1313 589 1345 Qualiter
603 1315 700 1340 autem
715 1313 797 1348 plus,
810 1314 931 1348 exponit

107 1393 111 1396 ²
160 1359 261 1386 Glossa
275 1368 282 1386 ;
301 1368 315 1384 <t
329 1358 403 1392 Quia
416 1359 600 1386 familiarius.
615 1369 628 1384 »
642 1361 673 1386 Et
687 1359 723 1386 de
738 1360 794 1386 hoc
806 1359 891 1387 infra.

194 1407 240 1432 24.
270 1407 364 1432 lnnuit
393 1413 452 1440 erqo
480 1406 542 1432 huic
568 1406 658 1432 Simon
686 1407 792 1440 Petrus,
822 1406 930 1434 scilicet

159 1451 280 1485 loanni,
302 1454 327 1478 et
341 1452 415 1479 dixit
429 1453 467 1486 ei,
491 1453 542 1479 etc.
564 1452 620 1479 Sed
636 1452 785 1487 quaeritur,
804 1452 930 1487 qualiter

159 1498 199 1526 ait
212 1500 389 1534 utrumque:
411 1500 506 1526 limuit
519 1501 545 1526 et
559 1498 654 1525 dimit?
676 1500 706 1525 Et
728 1499 767 1525 ad
786 1499 862 1526 istud
883 1507 928 1526 re-

158 1544 284 1580 spondet
311 1544 486 1579 Augustinus
511 1545 532 1578 ⁶,
561 1545 644 1580 quod
670 1544 779 1572 locutio
807 1547 849 1572 est
877 1545 929 1572 ali-

158 1591 280 1626 quando
298 1602 311 1615 «
325 1598 387 1618 non
409 1591 559 1624 sonando,
582 1591 634 1618 sed
657 1591 863 1619 tantummodo
886 1591 928 1618 in-

157 1637 287 1665 nuendo.
301 1647 315 1664 »
335 1637 405 1665 Dicit
419 1645 490 1673 ergo
501 1637 652 1665 innuendo
669 1647 675 1664 :
693 1639 758 1670 Quis
768 1640 821 1671 est,
836 1640 889 1666 etc.

191 1685 235 1711 25.
254 1685 348 1718 ltaque
366 1692 423 1711 cum
436 1684 599 1711 recubuisset
617 1691 700 1717 supra
718 1687 824 1718 pectus,
845 1685 927 1720 quod

155 1731 223 1766 plus
238 1730 404 1765 videbatur,
419 1738 510 1766 quam
524 1730 555 1757 in
570 1730 651 1764 sinu,
662 1730 730 1757 dicit
745 1732 787 1757 ei:
806 1732 924 1765 Domine,

156 1779 217 1812 quis
240 1780 300 1804 est?
323 1784 479 1812 suppressa
493 1784 581 1809 voce,
601 1776 640 1803 ait
663 1776 772 1803 Glossa.
795 1778 827 1803 Et
844 1779 874 1804 ut
887 1778 927 1804 ait

155 1823 392 1858 Chrysostomus⁷
402 1823 460 1850 :«Si
468 1823 518 1857 huj
523 1830 556 1849 us
564 1830 683 1850 eausam
689 1823 794 1858 quaeris
802 1823 923 1858 discere,

155 1869 264 1896 amoris
279 1876 326 1896 res
342 1871 403 1896 erat
418 1878 425 1896 2
451 1871 477 1896 et
497 1868 565 1896 ideo
580 1868 674 1896 innuit
692 1870 791 1897 Petrus
804 1870 924 1904 Joauni,

154 1918 187 1943 ut
201 1918 359 1951 quaereret,
377 1923 438 1943 non
453 1918 483 1943 ut
503 1916 608 1950 majori
624 1916 772 1951 existenti,
788 1918 839 1944 sed
855 1926 923 1953 pro-

153 1964 218 1997 pter
233 1962 358 1990 multum
373 1969 505 1990 amorem
517 1983 526 1996 ,
539 1964 571 1990 ut
585 1962 695 1990 dictum
712 1965 762 1990 est.
784 1974 796 1989 »
815 1965 923 1992 Tamen

151 2009 278 2036 loannes
292 2016 353 2036 non
370 2016 400 2036 se
414 2008 593 2042 nominavit,
608 2010 728 2044 propter
743 2010 923 2043 ingloriatio-

152 2063 236 2088 nem,
253 2055 284 2082 id
296 2057 351 2089 est,
370 2054 471 2090 glorioe
490 2063 574 2082 vance
587 2054 771 2089 vitationem,
784 2056 823 2083 ait
833 2057 921 2092 Chry-

151 2104 296 2129 sostomus
308 2101 328 2128 ⁸.
344 2102 377 2129 Et
387 2103 465 2137 patet
480 2109 514 2129 ex
529 2101 612 2128 dictis
626 2102 818 2136 praerogativa
831 2103 920 2137 privi-

150 2147 264 2182 legialis
290 2147 368 2175 beati
395 2148 532 2181 Joannis,
551 2147 633 2183 quod
654 2150 714 2175 erat
737 2157 754 2175 a
780 2148 851 2176 Filio
872 2150 920 2176 Dei

151 2194 291 2228 dilectus,
313 2196 341 2221 et
361 2194 443 2230 quod
458 2194 511 2221 fuit
526 2194 554 2221 in
569 2194 633 2221 sinu
649 2195 710 2228 ejus
724 2195 918 2230 recumbens,

151 2243 178 2268 et
191 2240 302 2276 pectori
316 2240 443 2268 innixus.
459 2242 511 2268 Per
525 2241 621 2268 sinum
636 2241 714 2267 enim
729 2241 861 2275 signatur
872 2242 919 2270 hic

149 2289 310 2320 secretum,
334 2286 443 2314 scilicet
458 2287 607 2322 sapientiae
619 2307 627 2320 ‚
645 2287 685 2314 ait
705 2288 881 2321 Augustinus
897 2289 916 2314 ⁹.

151 2335 172 2350 ¹⁰
196 2333 299 2360 «Vidit
320 2332 404 2360 illum
431 2333 623 2368 discipulum,
658 2341 747 2368 quem
777 2334 919 2369 diligebat

148 2381 238 2408 Jesus.
255 2390 268 2405 >›
295 2380 327 2407 Et
347 2379 384 2406 de
408 2379 464 2407 hoe
487 2379 516 2406 in
539 2379 699 2407 collatione
721 2380 916 2417 praedicabili,

147 2426 222 2454 infra
234 2426 263 2454 ¹¹.

183 2523 187 2536 ¹
203 2522 276 2552 Sap„
292 2523 351 2546 1,-
366 2521 374 2534 ²
388 2521 463 2552 Aug..
478 2521 519 2545 ubi
537 2528 603 2552 sup.,
618 2528 643 2547 n.
659 2524 681 2546 4.
696 2535 727 2540 —
741 2523 750 2537 ³
764 2523 864 2555 Mami„
880 2530 914 2556 ix,

149 2558 173 2581 9.
190 2570 216 2574 —
237 2557 248 2573 ⁴
269 2556 286 2580 tl
309 2556 376 2586 Cora,
394 2563 445 2587 xn,
470 2558 492 2580 2.
508 2570 538 2575 —
558 2557 568 2574 ⁵
583 2557 722 2588 Chrysost„
748 2558 790 2582 ubi
809 2567 864 2591 sup.
887 2574 914 2578 —

149 2591 160 2608 ⁶
179 2593 252 2623 Aug„
273 2592 317 2615 ubi
335 2599 400 2622 sup„
421 2599 448 2615 n.
471 2594 493 2614 (i.
511 2605 539 2609 -—
562 2593 569 2606 ⁷
592 2593 733 2624 Chrysost„
757 2594 798 2618 ubi
816 2602 870 2626 sup.
886 2609 916 2614 —

152 2629 159 2639 ³
177 2626 236 2650 thid.
251 2639 280 2644 —-
293 2627 303 2641 ⁹
319 2628 393 2658 Aug„
410 2627 453 2651 ubi
468 2635 522 2658 sup.
539 2634 611 2658 prox.
625 2641 655 2646 —
671 2629 690 2645 ¹⁰
705 2629 761 2659 tuf„
777 2636 832 2660 xxr,
847 2631 870 2654 7.
888 2645 914 2648 -

151 2663 168 2678 ¹¹
188 2661 244 2686 Vid.
260 2661 363 2691 collat„
383 2668 445 2687 Lxu.
466 2676 497 2681 —
515 2664 535 2680 ¹²
553 2665 628 2694 Aug„
649 2664 690 2688 ubi
712 2672 769 2695 sup.
784 2678 814 2684 -
835 2665 853 2683 ¹³
869 2666 916 2696 td.,

1701 231 1760 259 439

1026 294 1069 320 26.
1087 294 1119 320 Et
1133 292 1263 327 sequitur
1277 291 1431 326 responsio
1447 291 1605 319 Salvatoris
1619 302 1625 320 ε
1642 294 1759 329 Respon-

990 339 1033 365 dit
1046 341 1121 366 Jeszts
1138 348 1144 366 :
1164 339 1214 365 Ille
1235 340 1272 365 est
1295 339 1339 364 cui
1357 338 1501 364 intinctum
1521 346 1631 372 panem,
1655 341 1707 366 ete.
1727 341 1761 367 Ut

990 384 1029 411 ait
1043 385 1219 419 Augustinus
1235 384 1255 400 ¹²
1270 393 1276 411 :
1294 393 1307 409 «
1322 386 1480 419 Expressus
1495 387 1538 410 est
1551 384 1674 412 traditor
1688 395 1694 413 :
1707 394 1761 413 nu-

991 431 1067 458 datae
1083 433 1149 459 sunt
1165 431 1284 459 latebrae
1298 430 1498 458 tenebrarum.
1513 441 1527 457 »
1550 432 1586 458 Et
1601 440 1659 459 cum
1674 434 1761 460 intin-

989 479 1073 504 xisset
1085 486 1192 512 panem,
1210 478 1285 504 dedit
1299 477 1386 511 Judae,
1404 478 1457 504 etc.
1474 479 1511 504 De
1526 477 1580 505 isto
1593 486 1670 514 pane
1684 479 1761 514 quiS,

990 524 1085 558 qualis
1099 524 1194 557 fuerit,
1209 520 1384 559 Augustinus
1398 524 1474 551 bene
1489 524 1529 551 ait
1541 525 1563 542 ¹⁸
1580 533 1587 552 ε
1607 534 1621 550 «
1634 526 1715 558 Non,
1730 526 1762 552 ut

989 572 1093 605 putant
1119 570 1256 605 quidam,
1287 572 1356 598 tunc
1379 570 1468 598 ,Iudas
1496 578 1603 606 corpus
1627 570 1739 606 accepit
1752 579 1760 598 ε

989 624 1058 643 nam
1075 617 1212 643 omnibus
1227 616 1414 644 distribuerat
1426 616 1487 650 jam
1508 617 1648 644 Dominus
1664 625 1762 645 sacra-

989 664 1121 690 mentum
1137 663 1269 698 eorporis
1283 664 1310 689 et
1323 662 1473 697 sanguinis
1488 663 1550 697 sui,
1571 664 1598 690 et
1616 663 1657 691 ibi
1671 664 1761 691 sudas

990 711 1060 736 erat.
1077 719 1090 734 n
1108 712 1188 737 Nunc
1203 710 1302 736 autem
1315 711 1434 736 ventum
1452 711 1493 736 est
1507 709 1546 736 ad
1562 710 1761 738 narrationem

988 755 1066 782 beati
1087 755 1221 789 loannis,
1238 755 1290 782 ubi
1312 763 1365 790 per
1389 755 1554 783 buccellam
1575 756 1696 783 tinctam
1714 764 1761 784 ex-

988 802 1092 837 pressit
1124 802 1263 829 Dominus
1298 801 1480 828 traditorem.
1518 802 1574 829 Sed
1607 803 1760 838 quaeritur,

988 856 1080 883 quare
1095 848 1176 875 dedit
1189 855 1297 883 panem
1311 847 1452 874 tinctum?
1470 849 1501 875 Et
1513 847 1551 875 ad
1565 848 1622 875 hoc
1637 856 1761 884 respon-

989 894 1037 922 det
1051 894 1227 929 Augustinus
1242 893 1262 909 ¹³
1281 894 1364 929 quod
1380 893 1509 920 fortassis
1524 901 1576 929 per
1590 895 1674 930 panis
1690 895 1761 922 tinc-

988 940 1097 968 tionem
1112 940 1296 975 significabat
1311 940 1373 974 ejus
1387 940 1546 967 fictionem.

1023 988 1068 1014 ⁶27.
1089 988 1126 1013 Et
1138 989 1200 1021 pest
1220 988 1359 1013 buccellam
1379 988 1503 1013 introivit
1522 989 1551 1013 in
1566 995 1623 1013 eum
1637 989 1759 1014 satanas.

988 1033 1043 1060 Sed
1063 1034 1202 1068 quaeritur
1221 1033 1347 1068 qualiter
1365 1032 1405 1059 ait
1420 1041 1426 1059 :
1450 1034 1522 1059 Time
1538 1034 1677 1066 introivit,
1692 1033 1762 1068 quia

987 1080 1068 1114 prius
1083 1081 1102 1096 ¹³
1118 1082 1178 1106 erat
1192 1079 1280 1106 Judas
1294 1079 1340 1105 t'ur
1355 1081 1382 1106 et
1401 1079 1475 1106 latro
1488 1088 1494 1106 ε
1512 1080 1544 1106 Et
1557 1079 1596 1106 ad
1618 1079 1696 1106 istud
1715 1087 1760 1106 re—

987 1126 1113 1161 spondet
1128 1126 1305 1160 Augustinus
1315 1126 1353 1157 ³0,
1371 1125 1452 1160 quod
1465 1127 1531 1160 post
1553 1125 1631 1152 hunc
1653 1134 1761 1161 panem

988 1172 1105 1200 intravit
1119 1174 1234 1199 satanas
1250 1172 1279 1198 in
1294 1180 1376 1205 eum,
1393 1174 1425 1199 ut
1448 1180 1515 1199 eum
1534 1172 1650 1207 plenius
1669 1172 1761 1207 possi-

988 1219 1082 1252 deret,
1098 1218 1127 1245 in
1144 1227 1231 1254 quem
1248 1218 1329 1253 prius
1353 1218 1526 1251 intraverat,
1546 1220 1578 1245 ut
1601 1218 1759 1253 deciperet.

987 1266 1122 1297 Quaerunt
1137 1267 1233 1291 autem
1249 1264 1339 1299 aliqui
1352 1264 1414 1298 hie,
1430 1264 1556 1299 qualiter
1572 1265 1645 1291 Deus
1660 1264 1758 1299 prodi-

987 1311 1061 1337 derit
1075 1311 1185 1337 crimen
1203 1310 1299 1344 Judae,
1321 1318 1387 1337 cum
1411 1312 1485 1337 esset
1504 1310 1651 1337 occultum
1666 1310 1758 1346 prius.

987 1359 1049 1392 lpse
1061 1357 1138 1384 enim
1154 1357 1194 1384 ait
1209 1356 1229 1374 ¹⁷
1243 1365 1268 1383 :«
1284 1356 1311 1384 Si
1326 1356 1490 1392 peccaverit
1504 1357 1572 1384 inte
1584 1356 1671 1384 frater
1681 1358 1757 1391 tuus,

986 1404 1100 1439 corripe
1114 1412 1181 1431 eum
1195 1403 1268 1431 inter
1283 1405 1310 1430 te
1330 1406 1357 1430 et
1371 1403 1478 1438 ipsum.
1493 1413 1506 1428 ι)
1524 1405 1556 1431 Et
1570 1403 1609 1431 ad
1624 1403 1700 1430 istud
1712 1411 1757 1431 re-

985 1450 1194 1485 spondendum
1209 1450 1372 1477 secundum
1384 1450 1624 1485 Chrysostomum
1636 1450 1665 1481 ¹⁸,
1676 1450 1758 1484 quod

985 1499 1012 1523 et
1026 1498 1093 1523 tunc
1106 1497 1235 1532 primum
1251 1496 1402 1530 redarguit
1413 1504 1480 1523 eum
1491 1496 1521 1532 (c)
1541 1497 1620 1523 Jesus
1634 1504 1694 1523 non
1704 1504 1757 1523 no-

984 1543 1132 1577 minatim,
1157 1543 1207 1570 sed
1224 1543 1323 1570 dando
1348 1542 1388 1569 sic
1407 1550 1529 1577 panem3
1546 1550 1641 1578 neque
1657 1544 1756 1570 tamen

983 1590 1033 1618 ille
1048 1591 1087 1618 ob
1102 1598 1235 1617 mensam
1250 1589 1465 1617 verecundatus
1480 1591 1536 1623 est,
1547 1589 1756 1618 eodemmodo

983 1637 1205 1664 communicans
1219 1644 1306 1672 pane.
1318 1645 1331 1661 »
1350 1637 1412 1662 Haec
1428 1635 1486 1662 ille.
1497 1635 1571 1669 Quia
1583 1643 1653 1670 ergo
1668 1636 1755 1663 Filius

984 1683 1050 1717 Dei,
1066 1683 1160 1710 sciens
1183 1683 1280 1717 ipsum
1302 1690 1363 1709 esse
1388 1682 1568 1709 obstinatum
1591 1684 1618 1709 et
1641 1682 1755 1709 invere-

983 1729 1128 1763 cundum,
1154 1730 1181 1755 et
1204 1728 1306 1755 videns
1333 1727 1494 1763 discipulos
1519 1736 1580 1755 esse
1605 1728 1752 1762 anxiatos,

981 1774 1118 1809 mitigans
1139 1782 1204 1807 eos,
1228 1776 1256 1801 et
1279 1782 1413 1801 sermone
1421 1794 1431 1808 ,
1453 1775 1481 1800 et
1504 1773 1752 1809 interrogatione,

981 1821 1120 1848 concessit
1142 1821 1229 1848 etiam
1255 1820 1357 1847 loanni
1379 1820 1552 1847 recumbere
1573 1820 1604 1846 in
1627 1821 1750 1855 pectus,

980 1867 1041 1895 sive
1056 1867 1202 1900 recidere,
1217 1868 1249 1894 ut
1263 1867 1303 1894 ait
1316 1867 1395 1894 idem
1410 1867 1635 1902 Chrysostomus
1650 1865 1670 1882 ¹⁹
1685 1876 1692 1900 3
1709 1866 1750 1893 sic

978 1914 1162 1949 proditorem
1185 1913 1326 1949 expressit
1347 1922 1352 1940 :
1377 1921 1447 1940 nam
1472 1915 1585 1948 tempus
1606 1911 1750 1947 passionis

977 1961 1159 1988 imminebat.
1180 1960 1308 1994 Qualiter
1330 1962 1427 1987 autem
1453 1958 1574 1986 tradidit
1593 1959 1619 1986 ei
1642 1966 1750 1994 corpus

977 2015 1063 2034 suum
1078 2016 1145 2035 cum
1160 2007 1239 2041 aliis,
1255 2007 1293 2034 ad
1312 2007 1369 2034 hoc
1387 2006 1632 2042 respondendum
1646 2014 1749 2033 secun—

977 2054 1049 2081 dum
1061 2054 1253 2089 Augustinum
1267 2054 1289 2070 2⁰
1305 2062 1330 2080 :«
1343 2055 1455 2081 Bonum
1471 2055 1513 2080 est
1526 2052 1607 2088 quod
1623 2052 1746 2088 accepit,

975 2101 1027 2128 sed
1042 2101 1121 2128 malo
1136 2109 1189 2128 suo
1208 2101 1332 2136 accepit,
1352 2100 1404 2136 qui
1420 2100 1517 2127 malus
1541 2099 1617 2127 male
1632 2100 1746 2126 bonum

975 2148 1095 2184 accepit.
1110 2159 1123 2173 »
1141 2147 1220 2176 Unde
1236 2150 1263 2175 et
1281 2148 1437 2183 Apostolus
1452 2149 1472 2165 Ἠ
1491 2158 1498 2174 :
1513 2157 1527 2173 «
1542 2147 1647 2174 Probet
1666 2147 1746 2182 -seip-

974 2203 1039 2222 sum
1060 2195 1165 2229 homo,
1182 2196 1209 2221 et
1224 2194 1264 2221 sic
1279 2194 1315 2221 de
1336 2202 1412 2230 pane
1427 2194 1478 2221 illo
1492 2194 1560 2221 edat
1575 2201 1581 2220 ε
1599 2193 1649 2228 qui
1666 2193 1745 2220 enim

973 2242 1131 2269 manducat
1145 2244 1171 2268 et
1185 2241 1262 2268 bibit
1275 2240 1410 2276 indigne,
1423 2240 1570 2275 judicium
1589 2239 1645 2266 sibi
1659 2247 1744 2267 man-

973 2288 1061 2316 ducat
1076 2290 1104 2315 et
1116 2287 1200 2315 bibit.
1215 2297 1228 2313 »

1009 2337 1040 2363 Et
1053 2335 1189 2363 subditur
1202 2335 1359 2362 insinuatio
1380 2333 1599 2362 accelerationis
1613 2333 1743 2361 criminis

971 2382 1063 2418 ipsius
1077 2382 1167 2409 Judae.
1187 2383 1257 2408 Dicit
1271 2383 1295 2408 ei
1308 2382 1380 2408 Jeszis
1390 2391 1398 2407 :
1410 2381 1486 2414 Quod
1496 2382 1578 2414 facis,
1590 2381 1635 2414 fac
1650 2382 1741 2407 citius.

972 2429 1028 2457 Sed
1043 2429 1201 2464 quaeritur,
1218 2428 1343 2464 qualiter
1363 2429 1420 2456 hoc
1443 2429 1500 2456 ait?
1523 2428 1639 2456 videtur
1663 2428 1742 2455 enim

972 2527 1044 2550 tract.
1065 2531 1132 2555 mx,
1154 2532 1180 2549 n.
1203 2527 1223 2549 3,
1246 2538 1277 2542 -
1296 2525 1315 2541 ¹⁴
1337 2525 1398 2549 ibid.
1419 2538 1450 2543 —
1468 2525 1487 2541 ¹⁵
1507 2525 1580 2556 Sup.,
1600 2530 1652 2555 xu,
1674 2525 1696 2547 6.
1711 2534 1742 2540 -

972 2562 992 2577 ¹⁶
1013 2562 1088 2592 Aug,
1113 2561 1155 2584 uhi
1175 2567 1241 2591 sup„
1264 2567 1290 2584 n.
1309 2562 1333 2584 2.
1351 2573 1380 2578 -
1403 2561 1421 2577 ¹⁷
1442 2561 1540 2590 Mallh„
1562 2564 1641 2588 xvni,
1661 2560 1696 2583 15.
1711 2570 1742 2576 —-

972 2596 992 2612 ¹⁸
1005 2597 1145 2628 Clirysost„
1161 2597 1203 2620 ubi
1218 2603 1273 2627 sup.
1283 2597 1348 2614 —·¹⁹
1362 2597 1502 2628 Chrysost.,
1518 2597 1578 2620 ibid.
1589 2609 1619 2614 —
1633 2596 1654 2611 2⁰
1666 2596 1740 2624 Aug„

971 2632 1013 2655 ubi
1028 2640 1094 2662 sup„
1109 2639 1135 2655 n.
1152 2634 1174 2655 1.
1191 2645 1220 2649 --
1237 2632 1255 2648 2¹
1272 2632 1279 2655 t
1296 2633 1363 2660 Cor..
1378 2639 1414 2663 Χῖ,
1431 2634 1515 2657 28-29.
1528 2645 1558 2650 -
1575 2632 1608 2661 (α)
1624 2631 1681 2660 Leq.
1696 2629 1740 2653 ibi.

972 2680 1000 2684 —
1017 2668 1048 2697 (b)
1065 2668 1122 2698 Ley.
1137 2669 1257 2698 tanquam
1271 2667 1301 2691 de
1316 2667 1373 2692 alio.
1386 2681 1417 2686 —
1429 2669 1458 2698 (c)
1475 2667 1536 2691 Coet.
1549 2667 1609 2690 edit.
1625 2672 1691 2689 cum.
