1987 3032
680 212 886 245 EXPOSITIO
908 211 948 243 IN
971 212 1057 243 CAP.
1080 212 1172 243 XVII.
1684 213 1723 242 65

136 295 150 312 α
164 284 242 314 Cum
255 283 381 313 vidisset
396 281 478 311 Deus
485 282 602 311 terram
618 289 684 310 esse
701 282 895 320 corruptam,

131 336 234 366 omnis
256 335 372 374 quippe
397 343 468 364 caro
492 335 676 373 corruperat
697 334 782 363 viam
806 341 897 362 suam

131 390 366 428 superterram,
382 387 460 417 dixit
475 387 514 417 ad
531 386 596 417 Noe
612 398 618 416 ι
637 386 724 416 Finis
739 387 898 417 universae

132 441 233 471 carnis
246 440 334 470 venit
349 448 456 470 coram
471 449 538 477 me,
555 440 674 479 repleta
690 441 737 470 est
748 441 830 470 terra
840 439 900 468 ini-

130 493 250 533 quitate
260 502 279 523 a
295 493 372 523 facie
388 501 498 523 eorum
510 516 518 530 ⁷
535 494 565 523 et
579 501 640 531 ego
654 492 832 532 disperdam
848 501 901 522 eos

131 555 204 576 cuin
218 548 314 576 terra.
332 556 346 574 n
362 545 548 584 Principalis
563 547 668 576 autem
682 545 774 584 culpa
788 554 900 575 eorum

131 598 218 628 venit
232 607 270 628 ex
284 597 467 628 carnalitate
481 608 487 627 :
506 600 535 628 et
550 598 609 628 1100
625 597 764 627 insinuat
779 598 811 627 in
827 606 901 637 qua-

132 653 204 681 tuor
230 651 352 681 actibus
376 659 457 690 quos
479 651 605 690 tangit:
628 653 655 680 1.
682 650 847 687 Edebsmt,
870 650 901 680 id

133 706 189 741 est,
206 704 273 734 esui
285 706 375 734 erant
389 703 484 734 dediti
500 706 532 733 ut
551 703 675 743 gulosi,
691 706 721 734 et
735 704 778 733 ita
798 704 843 733 ira
858 703 903 734 di-

133 757 189 796 gni
205 758 213 774 ¹
232 768 238 787 :
261 768 275 785 «
291 757 402 787 Adhuc
415 765 493 787 escae
509 765 619 787 eorum
635 758 724 787 erant
738 757 771 786 iu
786 765 840 787 ore
854 756 902 795 ip-

132 819 251 848 sorum,
269 812 298 840 et
313 810 359 840 ira
368 809 422 840 Dei
431 810 570 840 ascendit
578 819 613 840 su
618 819 672 849 pez·
682 818 744 840 eos.
755 812 803 840 »9.
815 809 903 840 Bibe-

133 863 219 901 bant,
236 865 273 893 ut
283 863 409 900 ebriosi,
422 865 452 893 et
466 863 535 893 ideo
552 863 597 893 ira
609 863 710 901 digni,
728 863 903 893 secundum

134 916 212 946 illud
236 917 246 932 ²
271 928 277 946 ;
309 928 322 944 (ι
343 916 398 947 Cui
423 917 492 946 vae‘?
511 917 602 955 cujus
633 916 713 955 patri
740 917 814 947 vae‘?
844 918 901 946 etc.

133 967 242 999 Nonne
256 969 306 999 his
328 969 383 1008 qui
405 972 641 1000 commorantur
661 970 693 998 in
708 969 794 1006 vino,
812 979 826 997 1>
844 971 901 999 etc.

134 1022 235 1052 Ism'as
249 1023 259 1039 ³
279 1033 285 1052 z
304 1034 318 1050 «
342 1022 396 1053 Vae
418 1023 472 1061 qui
495 1024 635 1061 patentes
652 1022 726 1052 estis
743 1022 782 1052 ad
799 1022 905 1052 biben-

134 1075 210 1105 dum
235 1075 366 1113 vinum,
392 1077 423 1106 et
446 1075 506 1105 viri
532 1076 628 1106 fortes
647 1075 685 1105 ad
711 1075 904 1105 miscendam

134 1127 329 1158 ebrietatem.
344 1138 358 1155 »
378 1127 415 1157 Et
431 1128 438 1142 ⁵
457 1137 463 1157 :
486 1139 499 1155 «
515 1127 593 1158 Ecce
615 1127 771 1166 gaudium
783 1129 813 1157 et
828 1127 904 1157 10011-

134 1179 186 1218 tia,
205 1181 278 1217 etc„
297 1180 460 1210 comedere
474 1189 583 1210 carnes
594 1182 623 1210 et
638 1180 745 1210 bibere
760 1180 903 1210 vinum.»

135 1232 285 1272 Sequitur
301 1245 307 1264 ε
332 1232 394 1264 «Et
407 1232 545 1264 revelata
560 1236 605 1263 est
621 1233 655 1263 in
672 1234 805 1264 auribus
827 1234 906 1263 meis

134 1295 199 1317 vox
213 1286 338 1317 Domini
362 1286 560 1317 exercituum
581 1296 587 1315 z
606 1285 639 1316 Si
654 1286 829 1316 dimittetur
844 1286 905 1316 ini—

135 1339 238 1379 quitas
262 1339 332 1369 11ωο
354 1339 459 1377 vobis,
488 1340 586 1369 donec
606 1339 808 1376 moriamini,
832 1339 906 1369 dicit

135 1391 289 1423 Dominus
309 1392 518 1422 exercituum.
544 1395 572 1422 3.
595 1392 714 1423 Κίκονες
737 1392 903 1430 ducebant,

135 1447 170 1475 ut
194 1445 302 1475 lascivi
318 1448 327 1463 ⁵
343 1455 350 1474 t
380 1456 393 1472 (1
409 1445 550 1484 Cumque
575 1446 742 1484 coepissent
760 1445 906 1475 homines

135 1497 338 1537 multiplicari
353 1498 448 1536 super
462 1499 579 1528 terram
594 1500 623 1528 et
639 1497 719 1528 filios
742 1507 903 1537 procreas-

134 1552 214 1588 sent,
231 1550 374 1581 videntes
385 1550 443 1580 filii
459 1550 512 1581 Dei
532 1551 613 1581 filias
626 1551 806 1589 hominum,
822 1551 906 1591 quod

135 1606 237 1634 essent
253 1603 414 1643 pulchrae,
441 1606 627 1643 acceperunt
651 1604 709 1634 sibi
735 1613 850 1635 uxores
865 1613 905 1635 ex

134 1657 282 1688 omnibus
306 1666 384 1696 quas
412 1656 585 1695 elegerant.
613 1670 627 1685 »
658 1657 696 1688 Et
725 1658 866 1697 sequitur
898 1669 903 1686 ;

139 1721 152 1738 ει
167 1709 314 1748 Dixitque
324 1709 476 1740 Dominus
493 1720 500 1740 z
519 1709 588 1740 Non
604 1711 905 1750 permanebitspiri-

134 1766 185 1794 tus
201 1772 291 1793 meus
306 1763 339 1793 in
356 1763 485 1794 homine
501 1764 534 1793 in
547 1765 704 1794 aeternum
718 1788 725 1800 ‚
743 1764 819 1803 quia
834 1773 905 1794 caro

135 1819 191 1847 est.
210 1827 224 1844 n
242 1818 271 1846 4.
290 1816 336 1846 Et
345 1815 504 1846 dabantur
522 1816 567 1845 ad
579 1817 708 1856 nuptias
720 1840 727 1853 ,
745 1819 779 1847 ut
791 1818 904 1854 securi)

136 1871 166 1899 et
189 1869 258 1899 ideo
283 1869 322 1898 ad
355 1869 518 1899 interitum
545 1869 701 1908 dispositi,
731 1870 904 1900 secundum

138 1921 214 1951 illud
230 1921 239 1936 ⁶
257 1931 263 1950 :
291 1933 305 1949 (ι
323 1920 399 1951 Cum
415 1921 552 1952 dixerint
569 1933 575 1952 1
596 1921 661 1952 Pax
690 1924 720 1952 et
741 1922 903 1960 securitas,

138 1977 214 2005 tunc
229 1973 412 2013 repentinus
429 1974 474 2004 eis
491 1975 695 2014 superveniet
716 1975 873 2006 interitus.
887 1986 901 2004 n

140 2026 227 2058 Unde
250 2027 305 2066 qui
332 2027 381 2057 his
405 2027 489 2057 vitiis
512 2030 558 2058 est
581 2028 757 2067 absorptus⁷
782 2038 907 2060 neeesse

139 2082 184 2111 est
198 2080 283 2120 quod
297 2089 316 2110 a
328 2080 447 2111 diluvio
466 2080 658 2111 involvatur.
677 2080 809 2121 Propter
823 2082 907 2121 quod

138 2133 251 2164 dieitur
266 2133 274 2148 ⁷
295 2142 302 2163 :
324 2144 338 2160 α
354 2132 426 2171 Vos,
443 2133 571 2170 fratres,
597 2143 661 2164 11011
682 2134 756 2164 estis
776 2134 809 2164 in
824 2136 906 2165 teue-

137 2186 213 2224 bris,
232 2188 267 2216 ut
282 2195 340 2217 vos
358 2185 423 2216 dies
447 2186 500 2216 illa
521 2189 674 2227 tauquam
697 2188 747 2217 sur
767 2196 907 2227 compre-

137 2238 265 2276 hendat⁷
274 2240 334 2269 etc.
348 2238 451 2277 igitur
459 2248 524 2269 non
532 2240 728 2270 dormiamus
739 2240 905 2278 sieut,etc.;

138 2292 191 2322 sed
207 2291 377 2329 vigilemus
392 2294 422 2321 et
435 2292 531 2322 sobrii
556 2293 667 2323 simus.
684 2304 698 2321 »
719 2293 830 2323 Modus
854 2302 908 2324 au-

138 2347 202 2375 tem
215 2345 401 2375 describitur
418 2344 463 2374 ad
487 2345 667 2376 Romanoss
685 2357 690 2375 z
714 2357 728 2374 α
743 2346 812 2377 Nox
828 2356 908 2387 prze-

139 2399 245 2438 eessit,
260 2399 326 2430 dies
342 2402 447 2429 autem
471 2400 747 2440 appropinquavit.
774 2401 907 2440 Abjicia-

139 2462 210 2483 mus
225 2462 320 2491 ergo,
343 2464 356 2480 n
378 2454 436 2482 etc.
454 2452 491 2482 Et
511 2455 579 2491 post
596 2464 602 2482 :
624 2464 638 2481 «
657 2453 725 2483 Nou
740 2454 772 2483 in
792 2463 909 2491 comes-

140 2506 314 2537 sationibus
343 2508 373 2536 et
396 2505 619 2543 ebrietatibus,
648 2516 712 2537 non
740 2508 771 2537 in
799 2508 909 2538 cubili-

173 2569 177 2581 ·
198 2568 264 2591 I'sul.
285 2573 388 2597 1111111,
412 2569 449 2590 230.
473 2580 503 2585 —
522 2568 532 2583 2
552 2568 633 2598 Pron„
654 2574 733 2599 xxiii,
755 2570 799 2599 29,
819 2571 857 2593 30.
881 2582 909 2587 —-

139 2602 149 2618 ³
166 2603 225 2633 Iso„
242 2609 266 2631 v,
282 2605 320 2627 22.
339 2615 368 2620 -
385 2602 484 2632 Α111111,
500 2608 571 2633 xxii,
594 2605 635 2633 ¹3,
654 2605 688 2627 14.
704 2617 734 2622 —
751 2605 761 2620 ⁵
777 2605 848 2633 Gen„
868 2611 908 2636 vi,

142 2639 193 2661 1-3.
213 2651 244 2656 —
260 2639 268 2653 ⁶
285 2639 292 2661 l
308 2638 397 2666 Thess„
416 2645 442 2666 v,
461 2641 484 2661 3.
500 2651 530 2655 -
547 2638 691 2669 ⁷1bid.‚4‚
710 2642 732 2664 u.
753 2653 783 2658 —
802 2640 812 2657 Β
830 2641 908 2669 Rom„

141 2679 202 2703 xiii,
220 2674 297 2697 12-14.
312 2686 343 2691 -
362 2676 370 2686 '¹
389 2673 458 2702 Gen„
474 2679 522 2704 vu,
541 2676 578 2704 13,
596 2675 632 2705 Π,
651 2675 690 2698 21.
706 2688 736 2693 -
756 2676 775 2690 ¹·
791 2676 810 2698 ΙΙ
829 2676 907 2705 Petr.‚

260 2726 333 2748 TOM·
357 2725 403 2749 XI·

955 279 1013 309 bus
1032 281 1062 310 et
1081 277 1297 318 impudicitiis.
1322 288 1335 305 J)
1358 277 1511 316 Sequitur
1529 285 1536 306 :
1564 288 1578 305 «
1597 276 1658 307 Sed
1674 277 1724 307 in—

955 332 1088 362 duimini
1116 331 1286 362 Dominum
1312 331 1458 360 nostrum
1488 329 1596 359 Jesum
1621 328 1723 359 Chris-

955 387 1036 415 tum.
1056 396 1069 412 >³

996 438 1117 476 Tertio,
1134 440 1290 478 quantum
1306 437 1345 468 ad
1360 437 1470 468 diluvii
1490 445 1633 476 poenam,
1650 436 1726 466 sub-

956 491 1020 521 dit:
1037 491 1082 522 Et
1095 493 1180 521 venit
1199 491 1375 528 diluvium,
1398 494 1429 520 et
1444 489 1584 530 perdidit
1600 498 1724 526 omnes,

957 544 1072 575 scilicet
1094 545 1149 584 qui
1173 547 1261 575 erant
1279 546 1369 574 extra
1390 552 1510 581 arcam,
1531 543 1637 573 statim
1659 544 1729 582 post

956 597 1139 635 ingressum
1155 597 1234 635 Noe,
1253 597 1427 628 secundum
1449 596 1546 627 illud⁹
1566 607 1572 626 :
1594 607 1608 624 «
1625 596 1660 626 111
1677 605 1727 626 ar-

958 650 1053 680 ticulo
1066 650 1127 681 diei
1140 650 1223 680 illius
1234 651 1398 689 ingressus
1409 652 1455 680 est
1464 649 1529 680 Noe
1541 649 1573 679 in
1586 658 1724 679 arcam.»

958 703 1108 742 Sequitur
1128 715 1134 733 :
1160 703 1382 743 «Factumque
1403 706 1450 733 est
1471 703 1629 734 diluvium
1651 711 1730 742 qua-

958 756 1105 795 draginta
1130 756 1257 794 diebus⁷
1281 758 1531 795 consumptaque
1561 758 1608 786 est
1627 756 1731 785 omnis

959 819 1030 840 caro
1046 818 1118 849 1111εο
1139 809 1328 839 movebatur
1349 817 1445 848 super
1467 810 1623 838 terram.»
1644 807 1731 838 Unde

959 862 1149 893 dicitur¹⁰:«
1164 861 1320 901 Originali
1344 861 1466 891 mundo
1488 870 1551 891 non
1576 861 1728 900 pepercit,

959 916 1012 946 sed
1028 918 1175 946 octavum
1189 915 1253 946 Noe
1270 915 1407 954 justitiae
1428 923 1607 954 praeeonem
1623 916 1731 944 custo-

959 969 1048 1006 divit,
1059 969 1216 999 diluvium
1230 968 1349 998 mundo
1359 968 1533 1007 impiorum
1544 967 1728 998 inducens.»

962 1022 1007 1052 Ex
1023 1031 1086 1061 quo
1102 1022 1293 1060 intelligitur
1307 1018 1397 1061 quod
1415 1030 1508 1060 poena
1529 1021 1629 1051 futuri
1647 1020 1733 1059 judi-

960 1075 1000 1105 cii
1020 1084 1116 1114 super
1134 1084 1186 1104 eos
1210 1074 1332 1111 veniet,
1349 1074 1402 1113 qui
1426 1076 1499 1104 suut
1522 1076 1612 1104 extra
1634 1073 1734 1104 Eccle-

961 1128 1040 1161 siam
1056 1127 1188 1165 Christi,
1206 1126 1334 1157 salvatis
1350 1126 1558 1157 nihilomiuus
1572 1127 1653 1157 raris
1665 1128 1734 1166 Jus-

962 1181 1015 1218 tis,
1045 1180 1121 1220 quia
1148 1180 1254 1210 Glossa
1276 1190 1283 1209 t
1317 1191 1330 1207 ι(
1350 1179 1415 1210 Νο0
1442 1189 1549 1210 arcam
1578 1179 1712 1211 aedifieat
1723 1203 1731 1218 ‚

962 1243 1034 1264 cum
1050 1233 1205 1263 Dominus
1220 1232 1327 1263 fideles
1343 1232 1377 1262 in
1387 1232 1524 1263 Ecclesia
1539 1234 1731 1272 congregat3

961 1296 1057 1326 quam
1074 1288 1325 1316 consummatam
1350 1286 1539 1325 ingreditur,
1557 1295 1631 1316 cum
1650 1286 1734 1316 hane

962 1340 993 1369 iu
1011 1340 1049 1377 (αἶ)
1061 1339 1173 1378 Judicii
1184 1338 1354 1378 praesentia
1363 1347 1421 1368 sua
1433 1338 1584 1376 illustrat;
1595 1338 1647 1369 sed
1657 1338 1734 1369 dum

963 1401 1036 1423 arca
1051 1392 1235 1429 aedifieatur,
1254 1391 1357 1430 iniqui
1374 1391 1595 1429 luxuriantur;
1611 1393 1642 1421 et
1656 1392 1733 1422 dum

962 1445 1110 1482 intratur,
1134 1446 1252 1474 aeterna
1275 1444 1476 1474 damnatione
1499 1443 1689 1483 plectuntur.
1715 1455 1729 1472 ι)

961 1498 1081 1529 Dicitur
1102 1499 1209 1528 autem
1233 1497 1294 1527 1100
1327 1497 1395 1527 fieri
1427 1498 1460 1527 ἰη
1493 1498 1627 1528 articulo
1651 1497 1715 1527 diei
1725 1521 1733 1532 ,

961 1552 1038 1591 quia
1052 1552 1085 1581 iu
1101 1550 1230 1581 exordio
1251 1549 1345 1580 unius
1360 1550 1505 1580 omnium
1527 1551 1733 1581 resurrectio-

961 1605 1010 1635 nis
1024 1606 1043 1623 ¹¹
1059 1616 1087 1635 z«
1098 1603 1189 1634 Mane
1199 1603 1307 1633 astabo
1318 1603 1384 1641 tibi,
1402 1605 1432 1633 et
1447 1603 1571 1641 videbo,
1585 1604 1735 1644 quoniam

962 1667 1024 1688 non
1046 1657 1128 1687 Deus
1145 1656 1255 1687 volens
1277 1656 1477 1695 iniquitatem
1501 1658 1536 1686 tu
1558 1665 1590 1686 es
1609 1665 1735 1696 :neque

962 1710 1116 1741 habitabit
1127 1711 1221 1748 Juxta
1235 1711 1267 1739 te
1286 1709 1448 1748 malignus
1459 1733 1468 1747 ,
1486 1718 1587 1748 neque
1608 1718 1735 1749 perma—

961 1764 1084 1794 nebunt
1099 1762 1208 1801 injusti
1224 1763 1296 1791 aute
1306 1761 1413 1791 0011105
1427 1763 1508 1791 tuos.
1521 1772 1535 1789 ›)
1551 1761 1588 1791 Et
1601 1762 1622 1778 ¹²
1636 1772 1665 1790 :«
1676 1761 1735 1792 No-

963 1817 1009 1848 vit
1024 1816 1177 1847 Dominus
1192 1815 1260 1854 pios
1275 1814 1313 1844 de
1333 1814 1504 1845 tentatione
1524 1815 1644 1854 eripere
1654 1839 1661 1853 ‚
1678 1815 1735 1844 ini-

963 1879 1042 1910 quos
1058 1877 1134 1900 vero
1150 1869 1184 1897 in
1196 1867 1278 1897 diem
1291 1867 1401 1906 judieii
1417 1877 1580 1898 reservare
1595 1868 1735 1898 crucian-

962 1923 1028 1953 dos.
1045 1934 1059 1950 n
1079 1921 1125 1952 Ex
1142 1921 1202 1951 1100
1224 1920 1369 1959 exemplo
1389 1921 1495 1959 figura
1509 1923 1650 1961 apparet,
1669 1923 1733 1951 tam

962 1985 1002 2006 ex
1017 1973 1248 2014 significatione
1263 1973 1451 2011 allegorica,
1468 1983 1565 2013 quam
1581 1983 1621 2004 ex
1640 1973 1732 2004 simi-

962 2028 1110 2064 litudine,
1128 2035 1293 2066 expressa,
1310 2025 1426 2056 scilicet
1441 2026 1525 2066 quod
1541 2026 1605 2056 dies
1620 2026 1732 2066 judicii

963 2091 1058 2122 super
1079 2080 1225 2111 homines
1244 2079 1384 2109 carnales
1405 2081 1435 2109 et
1454 2079 1606 2110 animales
1627 2079 1733 2110 veniet

965 2135 1084 2172 subito,
1101 2135 1131 2164 et
1146 2133 1185 2163 ad
1199 2132 1342 2172 ipsorum
1356 2131 1565 2171 perditionem
1587 2132 1640 2172 qui
1660 2134 1734 2162 sunt

964 2190 1054 2219 extra
1069 2186 1215 2218 Ecclesiae
1232 2185 1398 2216 unitatem.
1420 2185 1476 2215 His
1498 2187 1604 2215 autem
1625 2185 1677 2225 qui
1701 2185 1735 2215 in

965 2250 1037 2272 arca
1051 2242 1144 2278 sunt,
1161 2239 1217 2269 etsi
1233 2238 1337 2268 subito
1348 2239 1450 2275 venit,
1467 2247 1532 2268 non
1542 2240 1644 2276 nocet,
1659 2238 1735 2278 quia

965 2304 1017 2326 eos
1031 2293 1152 2325 invenit
1167 2294 1303 2331 paratos.
1317 2290 1404 2321 Unde
1419 2291 1534 2321 dicitur
1544 2292 1565 2310 ¹³
1579 2301 1611 2321 :«
1621 2291 1735 2322 Atten-

965 2348 1028 2379 dite
1044 2346 1150 2383 vobis‚
1166 2354 1206 2375 ne
1220 2345 1300 2374 forte
1322 2346 1498 2383 graventur
1519 2345 1613 2376 corda
1632 2347 1736 2376 vestra

966 2401 998 2431 in
1014 2399 1159 2439 crapula,
1175 2400 1206 2428 et
1220 2397 1380 2435 ebrietate,
1393 2399 1424 2428 et
1439 2398 1523 2428 curis
1539 2398 1636 2438 huJus
1648 2398 1734 2436 vitae,

966 2456 995 2484 et
1023 2451 1224 2492 superveniat
1248 2450 1280 2479 in
1308 2459 1366 2480 vos
1392 2451 1558 2490 repentina
1582 2451 1648 2481 dies
1672 2451 1734 2481 illa.

966 2507 1132 2546 Tanquam
1157 2504 1291 2544 laqueus
1313 2504 1400 2534 euim
1419 2504 1456 2544 (b)
1481 2504 1679 2544 superveniet
1704 2504 1738 2533 in

967 2599 999 2623 11,
1015 2594 1037 2615 5
1053 2603 1080 2609 -
1101 2590 1119 2605 ¹2
1134 2588 1200 2612 psal.
1216 2593 1240 2617 ν,
1257 2589 1307 2611 5-6.
1323 2600 1348 2604 ψ
1367 2588 1386 2603 ¹²
1400 2588 1419 2611 11
1437 2588 1513 2619 Petra,
1528 2590 1588 2618 11,9.
1606 2601 1633 2604 -
1651 2588 1666 2601 ¹²
1681 2588 1738 2617 inf..

966 2634 1020 2657 xxx,
1035 2627 1115 2650 34-35.

1000 2676 1032 2707 (a)
1048 2674 1133 2705 Suppl.
1150 2673 1199 2697 die.
1213 2685 1243 2691 -
1261 2672 1293 2702 (b)
1311 2673 1369 2696 Caet.
1385 2672 1444 2696 edit.
1461 2674 1510 2703 qui.

1604 2721 1621 2748 5
