1987 3032
761 208 964 240 EXPOSITIO
987 208 1026 239 IN
1048 207 1134 238 CAP.
1157 207 1234 238 xlx.

184 277 447 308 illuminationem
472 275 624 314 fidelium,
645 279 676 306 et
703 276 950 307 confutationem

183 330 359 367 rebellium,
375 328 529 359 Dominus
549 329 722 368 acceptavit
740 329 893 360 honorem
907 328 950 358 is-

182 385 261 420 tum,
282 382 363 413 sicut
387 382 493 412 Glossa
515 382 590 412 dicit
614 392 620 412 :
649 393 662 410 «
684 382 876 421 Frequenter
899 380 947 411 in-

183 444 311 475 gressus
338 436 384 466 est
409 435 569 465 civitatem
589 434 762 466 Jerusalem
776 458 786 472 ,
810 434 864 464 sed
884 442 949 464 non

181 497 256 519 cum
282 488 320 518 iis
347 488 504 524 laudibus
529 497 593 518 non
624 496 680 518 rex
702 490 845 525 vocatus,
866 487 949 526 quod

181 550 305 580 semper
319 541 457 579 fugerat,
474 541 535 570 nisi
550 541 643 571 modo
661 550 734 571 cum
754 540 893 571 ascendit
910 539 949 578 (a)

181 603 351 633 passurus;
368 594 453 633 quod
467 594 537 624 ideo
556 594 674 624 factum
689 596 746 631 est,
765 596 799 624 ut
813 593 949 632 amplius

181 647 307 677 illorum
326 649 434 677 contra
453 656 486 677 se
509 647 660 677 excitaret
683 647 852 684 invidiam,
875 646 950 685 quia

176 701 246 739 Jam
260 702 384 739 tempus
399 700 554 740 passionis
570 701 715 738 instabat,
728 709 792 730 non
805 700 879 739 quia
893 699 949 729 Do-

181 753 286 783 minus
308 753 437 784 illorum
466 753 588 784 malum
616 754 710 785 vellet
732 754 871 790 intendi,
895 754 949 784 sed

183 806 258 846 quia
266 807 354 845 justo
365 806 486 845 judicio
497 816 566 845 suo,
578 807 719 838 faciendo
732 807 816 846 quod
828 806 946 842 debuit,

178 859 224 890 illi
238 860 434 890 occasionem
450 862 649 900 acceperunt,
665 862 701 891 ut
715 860 877 891 ardentius
898 860 946 890 in-

181 913 422 943 ssammarentur
435 913 473 943 ad
495 913 616 949 odium,
632 923 672 944 ex
692 922 756 952 quo
778 912 859 943 Deus
880 922 948 943 ma-

180 975 282 1004 gnum
303 966 427 997 eliceret
450 966 582 997 bonum.
611 977 624 995 n
651 966 738 997 Unde
762 966 946 1005 Chrysosto-

179 1028 253 1050 mus
269 1031 275 1049 :
304 1020 485 1051 «Excitavit
498 1029 551 1051 eos
570 1029 633 1051 non
653 1023 688 1051 ut
715 1021 851 1051 facerent
865 1020 948 1060 quod

179 1075 251 1103 ante
265 1073 452 1110 noluerunt;
468 1073 599 1104 facultas
619 1073 691 1104 data
712 1075 771 1111 est,
794 1079 859 1103 non
876 1082 946 1103 mu-

179 1127 244 1156 tata
258 1125 416 1156 voluntas.
438 1137 453 1153 n
480 1125 567 1156 Unde
592 1126 760 1165 impletum
782 1127 829 1156 est
852 1126 885 1155 in
910 1125 949 1155 iis

178 1178 256 1208 illud
271 1179 279 1194 ¹
300 1189 307 1208 z
328 1189 342 1207 «
362 1178 473 1208 Gravis
493 1180 540 1208 est
555 1179 646 1208 nobis
667 1178 764 1209 etiam
782 1179 822 1209 ad
844 1178 950 1209 viden-

179 1231 267 1268 dum,
283 1231 433 1270 quoniam
447 1231 607 1261 dissimilis
620 1233 665 1261 est
680 1231 750 1261 aliis
765 1231 830 1262 vita
852 1231 946 1270 illius,

179 1286 210 1314 et
224 1284 400 1314 immutatae
412 1286 487 1314 sunt
498 1284 560 1315 viae
574 1286 655 1323 ejus.
669 1296 683 1312 ι)

219 1336 374 1374 Secundo,
388 1338 543 1376 quantum
558 1337 596 1367 ad
609 1337 870 1376 approbationem
885 1337 950 1367 lau-

179 1389 337 1424 datorum,
350 1389 494 1420 subditur
512 1390 552 1428 (v.
570 1392 617 1429 40)
639 1400 645 1419 z
664 1391 785 1429 Quibus
807 1392 871 1431 ipse
884 1392 949 1422 ait:

179 1442 257 1473 De'co
272 1442 375 1486 vobis,
386 1443 463 1480 quia
478 1443 506 1472 εἰ
519 1443 554 1472 lm*
566 1444 732 1481 tacuerint,
747 1444 868 1484 lapides
885 1444 951 1474 cla-

179 1495 328 1532 mabunt;
344 1496 433 1535 quasi
447 1496 529 1527 dicat
546 1505 554 1526 :
576 1496 650 1527 Haec
664 1498 811 1528 voluntas
829 1498 883 1528 Dei
904 1500 951 1528 est

180 1548 264 1588 quod
287 1548 347 1587 ipsi
361 1549 506 1586 laudent3
523 1550 698 1581 secundum
723 1551 799 1581 illud
816 1552 825 1567 2
841 1562 847 1580 :
871 1563 885 1580 «
898 1551 948 1582 Je-

181 1610 235 1631 sus
256 1603 364 1632 autem
387 1601 462 1646 dicit
484 1602 529 1632 eis
553 1611 560 1630 ε
583 1601 691 1642 Utique
715 1612 882 1643 nunquam
905 1603 951 1634 le-

182 1653 284 1691 gistis,
298 1654 391 1693 quia³
403 1664 410 1684 :
428 1653 475 1684 Ex
483 1663 536 1684 ore
548 1655 718 1685 infantium
728 1659 758 1686 et
768 1655 950 1686 lactentium

180 1707 335 1746 perfecisti
346 1707 471 1737 laudem
482 1709 496 1737 ἶ)
505 1719 519 1736 ι)
533 1707 597 1738 Hoc
606 1709 691 1739 enim
701 1709 853 1749 scriptum
862 1709 950 1739 estin

181 1759 321 1790 Psalmo.
335 1760 421 1796 Quod
437 1761 537 1791 voluit
550 1761 702 1792 Dominus
715 1762 815 1792 facere
827 1762 865 1791 ad
881 1770 951 1791 con-

181 1812 334 1843 fusionem
353 1812 599 1844 Pharisaeorum.
616 1814 703 1844 Unde
719 1814 824 1844 statim
838 1814 950 1845 subdi-

182 1867 234 1895 tur
251 1865 260 1881 a
278 1876 284 1895 :
304 1877 318 1893 (ι
335 1865 466 1904 Propter
482 1866 627 1896 inimicos
648 1869 728 1905 tuos,
746 1869 781 1897 ut
806 1867 950 1897 destruas

182 1918 345 1948 inimicum
365 1922 395 1948 et
419 1918 565 1948 ultorem.
582 1930 596 1946 n
616 1919 672 1949 Hic
688 1923 794 1949 autem
816 1919 885 1958 plus
903 1920 949 1949 di-

181 1970 232 2007 cit,
254 1971 338 2010 quod
364 1970 402 2000 sit
426 1971 572 2001 voluntas
593 1971 657 2009 Del,
685 1974 755 2003 uta
782 1972 950 2003 Pharisaeis

180 2032 244 2052 non
269 2023 388 2062 possint
412 2023 567 2063 impediri.
592 2024 699 2055 Voluit
719 2028 825 2056 autem
851 2025 951 2056 Domi-

180 2084 242 2105 nus
257 2075 301 2105 sic
314 2076 382 2105 fieri
400 2076 585 2107 imminente
601 2077 754 2115 passione,
772 2080 802 2108 et
825 2080 951 2117 propter

180 2129 374 2168 exemplum,
396 2131 426 2159 et
447 2132 575 2168 propter
597 2131 797 2169 mysterium.
820 2131 950 2171 Propter

180 2181 372 2221 exemplum,
396 2184 431 2212 ut
457 2182 637 2221 ignominia
663 2183 816 2222 passionis
845 2184 950 2215 subse-

180 2234 305 2273 quentis
315 2234 445 2273 gravior
457 2237 537 2265 esset
550 2245 590 2265 ex
600 2236 823 2275 magnitudine
838 2237 949 2275 gloriae

180 2287 403 2326 praecedentis,
426 2288 600 2318 secundum
628 2289 704 2319 illud
721 2290 730 2305 ⁵
750 2299 756 2318 :
778 2301 791 2318 (ι
812 2290 879 2328 Ego
898 2291 949 2321 illc

180 2340 339 2379 quondam
355 2340 523 2379 opulentus
534 2346 661 2380 repente
671 2343 824 2373 contritus
835 2352 918 2374 sum.
930 2355 943 2371 »

180 2392 215 2422 ln
230 2392 290 2423 hoc
303 2393 490 2430 ostenditur,
508 2394 600 2432 quale
617 2395 657 2425 sit
671 2395 826 2434 gaudium
849 2397 948 2435 huius

178 2445 301 2482 mundi,
319 2446 393 2485 quia
407 2446 557 2477 citissime
572 2449 684 2479 transit
700 2452 709 2468 ἦ
728 2458 734 2478 ;
755 2449 876 2480 «Risus
891 2449 946 2480 do-

178 2498 243 2529 lore
268 2499 471 2536 miscebitur,
494 2502 524 2530 et
545 2502 686 2532 extrema
710 2502 819 2540 gaudii
844 2502 948 2533 luctus

211 2596 216 2610 ¹
232 2597 302 2625 Sap„
327 2601 356 2625 ιι,
375 2596 410 2619 55.
423 2608 453 2613 —
467 2597 476 2612 2
496 2597 596 2627 Mutela„
614 2604 667 2628 xxi,
686 2601 722 2622 iti.
735 2613 765 2617 -
783 2599 793 2615 δ
807 2598 874 2622 Psal.
890 2603 946 2628 vin,

180 2630 202 2653 3.
218 2643 247 2647 -—
260 2631 269 2647 δ
283 2631 342 2654 thid.
362 2643 393 2648 ——-
405 2632 415 2648 ὖ
430 2631 485 2659 Joh,
499 2639 553 2661 xvi,
574 2635 608 2657 1-3.
626 2647 656 2651 —-
671 2634 680 2650 ⁸
694 2635 776 2663 Pron„
792 2640 845 2664 xlv,
863 2636 898 2657 13.
917 2646 947 2650 —-

182 2665 221 2688 7ll
237 2665 304 2694 Cor„
319 2670 355 2696 vi,
367 2667 432 2690 7-10.
445 2679 475 2684 -—
488 2670 496 2680 Β
511 2668 633 2699 Sup.,111‚
644 2670 667 2694 8,
682 2682 712 2687 --
726 2670 736 2686 ⁹
749 2670 847 2698 Ezecla„
858 2674 944 2697 xxxvi,

1715 210 1772 239 123

1004 274 1206 314 occupabit.»
1222 274 1260 304 Et
1272 283 1328 314 per
1341 274 1411 304 haec
1425 274 1559 304 ostendit
1574 275 1772 306 mundanum

1004 328 1171 366 gaudium,
1201 329 1232 358 et
1259 329 1454 367 praeconium
1480 327 1582 358 laudis
1609 328 1717 367 hujuS‚
1743 331 1773 359 et

1006 380 1142 419 gloriam
1160 380 1272 411 mundi
1282 389 1349 411 esse
1360 380 1635 418 contemnendam,
1646 382 1675 410 et
1688 382 1772 420 quod

1004 442 1060 472 per
1084 434 1200 464 samam
1232 435 1263 464 et
1294 433 1457 463 infamiam
1485 434 1607 472 oportet
1638 434 1773 464 transire

1004 495 1088 524 eum,
1105 487 1159 526 qui
1185 486 1255 517 vult
1270 487 1315 516 ire
1339 487 1372 516 in
1391 486 1563 517 Jerusalem
1588 495 1769 526 supernam,

1003 539 1178 570 secundum
1203 539 1280 570 illud
1303 542 1313 558 ⁷
1334 550 1340 569 ε
1370 550 1383 567 «
1403 538 1462 569 Per
1487 548 1576 569 arma
1588 539 1731 578 Justitiae‚
1754 549 1772 570 a

1003 592 1134 630 dextris,
1151 595 1181 623 et
1193 602 1211 623 a
1226 592 1369 629 sinistris,
1394 601 1449 632 per
1472 592 1607 631 gloriam
1623 594 1654 623 et
1678 593 1770 631 igno-

1003 645 1166 683 bilitatem,
1183 655 1239 685 per
1262 646 1425 676 infamiam
1442 648 1473 676 et
1498 646 1613 676 bonam
1635 646 1769 684 famam

1003 700 1038 727 ut
1067 698 1265 736 seductores,
1299 700 1329 729 et
1361 707 1507 736 veraces3
1537 699 1628 738 quasi
1648 699 1770 737 tristes,

1003 759 1127 790 semper
1154 753 1261 781 autem
1287 751 1480 789 gaudentes3
1510 754 1663 791 tanquam
1692 752 1773 782 nihil

1003 803 1174 841 habentes,
1199 805 1229 833 et
1259 803 1366 833 omnia
1394 803 1596 843 possidentes.
1624 816 1637 831 n
1668 804 1774 835 Voluit

1003 856 1098 886 etiam
1114 858 1241 895 propter
1255 856 1454 896 mysterium,
1472 857 1547 896 quia
1562 857 1632 886 laus
1654 866 1772 896 parvu-

1002 909 1108 940 lorum
1122 909 1226 948 signat
1238 909 1364 940 laudem
1376 910 1475 949 ipsius
1490 910 1523 940 in
1543 910 1678 940 Ecclesia
1693 920 1774 949 gen-

1003 963 1096 992 tium.
1114 962 1185 992 Ideo
1200 962 1273 992 dicit
1288 963 1372 1002 quod
1390 962 1507 1002 lapides
1529 963 1721 1001 clamabunt,
1742 964 1773 994 id

1003 1016 1049 1045 est
1066 1017 1187 1053 gentes,
1200 1024 1273 1054 quae
1288 1016 1435 1046 dicuntur
1450 1016 1578 1055 lapideS,
1589 1017 1663 1056 quia
1680 1017 1774 1048 corda

1003 1069 1163 1099 habebant
1187 1069 1266 1099 dura
1293 1071 1323 1099 et
1351 1069 1482 1108 lapidea.
1514 1069 1584 1100 Ideo
1614 1070 1648 1099 in
1675 1070 1773 1109 hujus

1004 1122 1145 1160 figuram
1161 1121 1275 1152 dicitur
1290 1125 1300 1140 Β
1316 1131 1323 1152 :
1346 1133 1360 1150 «
1374 1122 1447 1152 Dico
1462 1122 1564 1160 vobis,
1576 1122 1651 1162 quia
1663 1124 1773 1162 potens

1004 1176 1051 1205 est
1074 1174 1155 1205 Deus
1179 1175 1218 1205 de
1242 1175 1398 1215 lapidibus
1423 1176 1489 1205 istis
1518 1175 1670 1206 suscitare
1692 1176 1774 1206 filios

1003 1227 1151 1264 Abrahae,
1176 1238 1190 1255 »
1217 1228 1366 1259 duritiam
1386 1228 1502 1258 scilicet
1523 1229 1663 1259 cordium
1685 1230 1774 1259 aufe-

1004 1281 1112 1318 rendo,
1130 1281 1305 1311 secundum
1322 1282 1399 1312 illud
1414 1285 1423 1300 ⁵³
1441 1291 1447 1310 :
1470 1293 1483 1310 a
1498 1282 1649 1312 Auferam
1663 1291 1717 1312 cor
1733 1282 1774 1312 la—

1003 1333 1132 1372 pideum
1152 1333 1189 1363 de
1211 1343 1303 1364 carne
1321 1336 1442 1372 vestra,
1462 1336 1492 1364 et
1510 1334 1590 1364 dabo
1610 1335 1698 1365 vobis
1721 1344 1775 1365 cor

1004 1395 1165 1416 carneum.
1181 1397 1194 1414 i>
1212 1386 1396 1417 Emollitum
1411 1389 1458 1417 est
1472 1389 1579 1417 autem
1595 1396 1648 1417 cor
1662 1396 1774 1418 eorum

1003 1438 1121 1468 durum
1144 1448 1200 1478 per
1226 1439 1376 1469 virtutem
1407 1440 1529 1477 crucis,
1555 1449 1628 1479 quae
1652 1443 1774 1480 petram

1004 1492 1158 1521 convertit
1174 1492 1206 1521 in
1222 1501 1350 1531 aquam.
1369 1492 1403 1522 Iu
1419 1494 1467 1532 cuj
1475 1502 1510 1522 us
1534 1493 1672 1532 figuram
1695 1493 1774 1523 dici-

1004 1547 1056 1575 tur
1072 1546 1105 1583 ¹⁰,
1118 1546 1202 1585 quod
1222 1546 1255 1576 in
1271 1549 1371 1576 morte
1387 1546 1498 1577 Christi
1518 1557 1532 1574 «
1548 1548 1645 1586 petrae
1669 1548 1774 1578 scissae

1004 1600 1097 1635 sunt,
1121 1600 1151 1628 et
1172 1601 1380 1629 monumenta
1400 1602 1508 1639 aperta
1531 1601 1618 1630 sunt.
1645 1611 1659 1627 »
1688 1599 1775 1630 Unde

1005 1651 1114 1682 Glossa
1130 1662 1136 1682 :
1160 1664 1173 1679 «
1189 1652 1222 1683 Si
1237 1653 1360 1683 caecitas
1375 1653 1546 1692 contigerit
1562 1654 1598 1692 (h)
1618 1653 1652 1684 in
1668 1653 1773 1691 Israel,

1005 1706 1072 1734 uta
1094 1704 1186 1735 laude
1207 1705 1261 1736 Dei
1283 1706 1450 1743 conticeat,
1472 1706 1607 1745 populus
1630 1707 1774 1745 gentium

1005 1757 1126 1787 mollito
1144 1758 1236 1788 corde
1252 1758 1376 1798 lapideo
1392 1758 1570 1789 Creatorem
1593 1768 1688 1789 suum
1706 1768 1774 1789 cre-

1005 1810 1067 1848 det,
1084 1812 1114 1840 et
1129 1811 1330 1841 annuntiabit
1345 1811 1518 1842 secundum
1536 1811 1612 1842 illud
1629 1812 1647 1828 ¹¹
1666 1822 1695 1842 :u
1709 1812 1775 1842 Cae-

1006 1863 1082 1893 citas
1096 1873 1136 1894 ex
1152 1866 1240 1903 parte
1250 1864 1385 1903 contigit
1399 1865 1432 1894 in
1446 1864 1550 1901 Israel,
1564 1865 1663 1895 donec
1679 1864 1775 1904 pleni-

1006 1916 1083 1946 tudo
1097 1917 1244 1955 gentium
1270 1917 1411 1954 intraret,
1435 1920 1465 1947 et
1486 1917 1530 1947 sic
1552 1918 1655 1947 omnis
1680 1917 1775 1948 Israel

1005 1969 1114 1999 salvus
1130 1970 1228 2001 fieret.
1253 1981 1267 1998 »
1288 1969 1376 2001 Unde
1393 1971 1426 2000 in
1442 1970 1540 2010 hujus
1561 1971 1700 2009 figuram
1716 1980 1774 2001 ex-

1006 2031 1146 2061 pressam
1162 2022 1286 2060 dicitur,
1304 2023 1409 2053 statim
1432 2025 1502 2062 post
1527 2033 1676 2054 murmur
1691 2024 1773 2054 Pha-

1008 2075 1173 2105 risaeorum
1199 2076 1219 2092 ¹2
1242 2087 1248 2106 :
1271 2075 1397 2106 «Erant
1415 2079 1521 2106 autem
1542 2077 1671 2116 quidam
1694 2086 1774 2116 gen-

1004 2128 1084 2166 tiles,
1097 2137 1137 2158 ex
1152 2129 1202 2159 his
1216 2129 1270 2168 qui
1285 2129 1500 2166 ascenderant,
1513 2132 1548 2159 ut
1563 2130 1728 2160 adorarent
1741 2130 1773 2160 in

1004 2182 1053 2212 die
1068 2182 1154 2212 festo.
1172 2182 1211 2212 Hi
1227 2191 1305 2221 ergo
1320 2185 1517 2213 accesserunt
1537 2182 1574 2212 ad
1591 2181 1773 2221 Philippum

1003 2234 1140 2264 dicentes
1157 2245 1164 2265 :
1183 2235 1326 2272 Domine,
1342 2235 1491 2265 volumus
1505 2234 1612 2265 Jesum
1626 2235 1769 2266 videre.»

1005 2287 1043 2318 Et
1058 2288 1202 2327 sequitur
1226 2288 1269 2318 ibi
1291 2289 1376 2327 quod
1395 2288 1559 2327 Philippus
1581 2290 1612 2318 et
1632 2288 1773 2318 Andreas

1003 2340 1152 2370 dixerunt
1172 2341 1211 2371 ad
1226 2340 1346 2371 Jesuin.
1373 2352 1386 2369 (ι
1400 2340 1490 2371 Jesus
1514 2343 1620 2371 autem
1641 2350 1774 2380 respon-

1003 2393 1048 2423 dit
1067 2393 1110 2424 eis
1129 2403 1135 2422 :
1158 2417 1216 2424 .....
1237 2393 1339 2430 Pater,
1358 2394 1493 2424 clarifica
1514 2394 1618 2424 filium
1637 2396 1741 2424 tuum.
1754 2406 1767 2421 »

1003 2446 1050 2477 Ex
1065 2455 1128 2486 quo
1153 2447 1315 2477 manifeste
1339 2449 1468 2487 apparet
1490 2447 1574 2487 quod
1601 2448 1670 2477 haec
1692 2447 1772 2477 sacta

1002 2501 1077 2530 sunt
1097 2499 1136 2529 ad
1161 2500 1426 2531 manifestandum
1455 2509 1571 2530 nomen
1592 2499 1721 2537 Christi,
1742 2502 1773 2530 et

1002 2588 1040 2610 21].
1060 2599 1088 2603 -
1107 2587 1125 2601 ¹⁰
1137 2586 1238 2617 Matth„
1254 2594 1333 2617 xxvu,
1349 2589 1428 2612 51-52.
1444 2601 1474 2606 ——
1495 2589 1512 2605 ¹¹
1534 2589 1613 2618 Rom„
1632 2593 1667 2618 xl,
1688 2590 1770 2612 25-215.

1001 2635 1032 2639 -·
1046 2623 1066 2638 ¹²
1080 2623 1161 2651 dorm„
1178 2629 1223 2653 xli,
1239 2624 1295 2646 cti-2
1306 2627 1323 2652 ἰ,
1337 2626 1375 2647 20‘.

1034 2667 1064 2696 (a)
1077 2667 1136 2691 (λεί.
1148 2667 1208 2691 edet.
1223 2668 1343 2692 ostendit.
1356 2682 1386 2686 —
1402 2668 1437 2699 (b)
1454 2668 1514 2692 Coet.
1529 2668 1590 2691 edit.
1601 2668 1769 2697 contingeret.
